<record><leader>00000cas a2200000 a 4500</leader><controlfield tag="001">12590746</controlfield><controlfield tag="008">850923d18861929ksuwr ne      0    0eng d</controlfield><datafield ind1=" " ind2=" " tag="010"><subfield code="a">sn 85029877 </subfield></datafield><datafield ind1=" " ind2=" " tag="040"><subfield code="a">KSH</subfield><subfield code="b">eng</subfield><subfield code="c">KSH</subfield><subfield code="d">NPT</subfield><subfield code="d">OCL</subfield><subfield code="d">OCLCQ</subfield></datafield><datafield ind1=" " ind2=" " tag="042"><subfield code="a">msc</subfield></datafield><datafield ind1="0" ind2=" " tag="130"><subfield code="a">Hoxie sentinel (Hoxie, Kan. : 1886)</subfield></datafield><datafield ind1="1" ind2="4" tag="245"><subfield code="a">The Hoxie sentinel.</subfield></datafield><datafield ind1=" " ind2=" " tag="260"><subfield code="a">Hoxie, Kan. :</subfield><subfield code="b">W.H. Ward,</subfield><subfield code="c">1886-1929.</subfield></datafield><datafield ind1=" " ind2=" " tag="300"><subfield code="a">45 v. :</subfield><subfield code="b">ill. ;</subfield><subfield code="c">54 cm.</subfield></datafield><datafield ind1=" " ind2=" " tag="310"><subfield code="a">Weekly</subfield></datafield><datafield ind1="0" ind2=" " tag="362"><subfield code="a">Vol. 2, no. 36 (Mar. 18, 1886)-v. 47, no. 14 (Aug. 8, 1929).</subfield></datafield><datafield ind1=" " ind2=" " tag="500"><subfield code="a">Publisher varies.</subfield></datafield><datafield ind1=" " ind2=" " tag="525"><subfield code="a">Includes supplements.</subfield></datafield><datafield ind1=" " ind2=" " tag="752"><subfield code="a">United States</subfield><subfield code="b">Kansas</subfield><subfield code="c">Sheridan</subfield><subfield code="d">Hoxie.</subfield></datafield><datafield ind1="0" ind2="0" tag="780"><subfield code="t">Kenneth sentinel</subfield><subfield code="w">(DLC)sn 85029843</subfield></datafield><datafield ind1="0" ind2="7" tag="785"><subfield code="t">Sheridan County news (Hoxie, Kan.)</subfield><subfield code="w">(DLC)sn 85029818</subfield></datafield><datafield ind1="0" ind2="7" tag="785"><subfield code="t">Hoxie sentinel and the Sheridan County news</subfield><subfield code="w">(DLC)sn 85066657</subfield></datafield><datafield ind1="1" ind2=" " tag="029"><subfield code="a">AU@</subfield><subfield code="b">000022172786</subfield></datafield></record>